<record><leader>00000cas a2200000 a 4500</leader><controlfield tag="001">12433358</controlfield><controlfield tag="008">850828d19541957ksuwr ne      0    0eng d</controlfield><datafield ind1=" " ind2=" " tag="010"><subfield code="a">sn 85031864 </subfield></datafield><datafield ind1=" " ind2=" " tag="040"><subfield code="a">KSH</subfield><subfield code="b">eng</subfield><subfield code="c">KSH</subfield><subfield code="d">NPT</subfield><subfield code="d">OCL</subfield><subfield code="d">OCLCQ</subfield></datafield><datafield ind1=" " ind2=" " tag="042"><subfield code="a">msc</subfield></datafield><datafield ind1="0" ind2="4" tag="245"><subfield code="a">The Blue Valley news.</subfield></datafield><datafield ind1=" " ind2=" " tag="260"><subfield code="a">Randolph, Kan. :</subfield><subfield code="b">Ross B. Campbell,</subfield><subfield code="c">1954-1957.</subfield></datafield><datafield ind1=" " ind2=" " tag="300"><subfield code="a">3 v. :</subfield><subfield code="b">ill. ;</subfield><subfield code="c">55 cm.</subfield></datafield><datafield ind1=" " ind2=" " tag="310"><subfield code="a">Weekly</subfield></datafield><datafield ind1="0" ind2=" " tag="362"><subfield code="a">72nd year, no. 31 (June 10, 1954)-75th year, no. 30 (May 30, 1957).</subfield></datafield><datafield ind1=" " ind2=" " tag="752"><subfield code="a">United States</subfield><subfield code="b">Kansas</subfield><subfield code="c">Riley</subfield><subfield code="d">Randolph.</subfield></datafield><datafield ind1="0" ind2="0" tag="780"><subfield code="t">Randolph enterprise (Randolph, Kan.)</subfield><subfield code="w">(DLC)sn 85031863</subfield></datafield><datafield ind1="0" ind2="7" tag="785"><subfield code="t">Monitor regent</subfield><subfield code="w">(DLC)sn 85031854</subfield></datafield><datafield ind1="0" ind2="7" tag="785"><subfield code="t">Riley countian</subfield><subfield code="w">(DLC)sn 85031855</subfield></datafield><datafield ind1="1" ind2=" " tag="029"><subfield code="a">AU@</subfield><subfield code="b">000022164586</subfield></datafield></record>